@incollection{wheeler,
  author    = {Wheeler, J. A.},
  title     = {Information, physics, quantum: the search for links},
  booktitle = {Complexity, Entropy and the Physics of Information},
  editor    = {W. Zurek},
  publisher = {Addison-Wesley},
  address   = {Reading, MA},
  year      = {1990}
}

